@ARTICLE{Jacobsen2003,
author={Jacobsen, Eric and Lyons, Richard},
journal={IEEE Signal Processing Magazine},
title={The sliding DFT},
year={2003},
volume={20},
number={2},
pages={74-80},
doi={10.1109/MSP.2003.1184347},
ISSN={1053-5888},
month={March}}

@Article{Grado2017,
  author    = {Logan L. Grado and Matthew D. Johnson and Theoden I. Netoff},
  title     = {The Sliding Windowed Infinite Fourier Transform [Tips {\&} Tricks]},
  journal   = {{IEEE} Signal Processing Magazine},
  year      = {2017},
  volume    = {34},
  number    = {5},
  pages     = {183--188},
  month     = {sep},
  doi       = {10.1109/msp.2017.2718039},
  publisher = {Institute of Electrical and Electronics Engineers ({IEEE})}
}

@INPROCEEDINGS{Chandrakanth2013,
author={V. Chandrakanth and C. Devendranath and A. Shamnar},
booktitle={2013 International Conference on Signal Processing, Image Processing and Pattern Recognition},
title={VLSI implementation of sliding window DFT},
year={2013},
volume={},
number={},
pages={258-262},
doi={10.1109/ICSIPR.2013.6497934},
ISSN={},
month={Feb}}

@Article{Ayinala2012,
  author        = {M. Ayinala and M. Brown and K. K. Parhi},
  title         = {Pipelined Parallel FFT Architectures via Folding Transformation},
  journal       = {IEEE Transactions on Very Large Scale Integration (VLSI) Systems},
  year          = {2012},
  volume        = {20},
  number        = {6},
  pages         = {1068-1081},
  month         = {June},
  issn          = {1063-8210},
  doi           = {10.1109/TVLSI.2011.2147338},
}

@InProceedings{Mookherjee2015,
  author        = {S. Mookherjee and L. DeBrunner and V. DeBrunner},
  title         = {A low power radix-2 FFT accelerator for FPGA},
  booktitle     = {2015 49th Asilomar Conference on Signals, Systems and Computers},
  year          = {2015},
  pages         = {447-451},
  month         = {Nov},
  doi           = {10.1109/ACSSC.2015.7421167},
  issn          = {1058-6393}
}